@online{mrsystem,
    title = {MapReduce-System},
    author = {wikipedia},
    url = {https://de.wikipedia.org/wiki/MapReduce},
    note =  {besucht am 24.02.2021},
    year = 2021
}

@online{vorteil/nachteilemrsystem,
    title = {Was ist MapReduce?},
    author = {BigDataInsider},
    url = {https://www.bigdata-insider.de/was-ist-mapreduce-a-624936/},
    note =  {besucht am 24.02.2021},
    year = 2021
}

@misc{communication1,
  author =   {Günter Kolousek},
  title =    {25_communication_1},
  howpublished = {selfmade_online_webinar},
  note =  {besucht am 02.03.2021},
  year = 2021
}

@misc{communication2,
  author =   {Günter Kolousek},
  title =    {25_communication_2},
  howpublished = {selfmade_online_webinar},
  note =  {besucht am 09.03.2021},
  year = 2021
}

@misc{parallelprogramming,
  author =   {Günter Kolousek},
  title =    {19_parallel_programming},
  howpublished = {selfmade_online_webinar},
  note =  {besucht am 14.03.2021},
  year = 2021
}
@online{tcpip,
    title = {TCP/IP},
    author = {ionos},
    url = {https://www.ionos.at/},
    note =  {besucht am 18.01.2021},
    year = 2021
}

@online{mrsystempic,
    title = {MapReduce-System},
    author = {Big Data},
    url = {https://www.bigdataschool.ru/wiki/mapreduce},
    note =  {besucht am 24.02.2021},
    year = 2021
}

@online{asio,
    title = {asioC++Libary},
    author = {asio},
    url = {https://think-async.com/Asio/asio-1.18.1/doc/},
    note =  {besucht am 15.01.2021},
    year = 2021
}

@online{cli11,
    title = {cli11C++Libary},
    url = {https://github.com/CLIUtils/CLI11},
    note =  {besucht am 15.01.2021},
    year = 2021
}

@online{spdlog,
    title = {spdlog++Libary},
    url = {https://github.com/gabime/spdlog},
    note =  {besucht am 15.01.2021},
    year = 2021
}

@online{json,
    title = {json++Libary},
    url = {https://github.com/nlohmann/json},
    note =  {besucht am 15.01.2021},
    year = 2021
}

@online{rang,
    title = {rang++Libary},
    url = {https://github.com/agauniyal/rang},
    note =  {besucht am 15.01.2021},
    year = 2021
}

@online{tabulate,
    title = {tabulate++Libary},
    url = {https://github.com/p-ranav/tabulate},
    note =  {besucht am 15.01.2021},
    year = 2021
}






